% libraries
@misc{OpenFHE,
      author = {Ahmad Al Badawi and Andreea Alexandru and Jack Bates and Flavio Bergamaschi and David Bruce Cousins and Saroja Erabelli and Nicholas Genise and Shai Halevi and Hamish Hunt and Andrey Kim and Yongwoo Lee and Zeyu Liu and Daniele Micciancio and Carlo Pascoe and Yuriy Polyakov and Ian Quah and Saraswathy R.V. and Kurt Rohloff and Jonathan Saylor and Dmitriy Suponitsky and Matthew Triplett and Vinod Vaikuntanathan and Vincent Zucca},
      title = {{OpenFHE}: Open-Source Fully Homomorphic Encryption Library},
      howpublished = {Cryptology ePrint Archive, Paper 2022/915},
      year = {2022},
      note = {\url{https://eprint.iacr.org/2022/915}},
      url = {https://eprint.iacr.org/2022/915}
}

@misc{lattigo,
    title = {Lattigo v6},
    howpublished = {Online: \url{https://github.com/tuneinsight/lattigo}},
    month = Aug,
    year = 2024,
    note = {EPFL-LDS, Tune Insight SA}
}


@article{Sign_approx_comp_poly,
  author       = {Eunsang Lee and
                  Joon{-}Woo Lee and
                  Jong{-}Seon No and
                  Young{-}Sik Kim},
  title        = {Minimax Approximation of Sign Function by Composite Polynomial for
                  Homomorphic Comparison},
  journal      = {{IEEE} Trans. Dependable Secur. Comput.},
  volume       = {19},
  number       = {6},
  pages        = {3711--3727},
  year         = {2022},
  url          = {https://doi.org/10.1109/TDSC.2021.3105111},
  doi          = {10.1109/TDSC.2021.3105111},
  timestamp    = {Sun, 22 Oct 2023 11:15:26 +0200},
  biburl       = {https://dblp.org/rec/journals/tdsc/LeeLNK22.bib},
  bibsource    = {dblp computer science bibliography, https://dblp.org}
}


% RELU
@manual{MOSEK2024,
  author = {{MOSEK ApS}},
  title = {The {MOSEK} optimization toolbox for {MATLAB} manual},
  edition = {Version 10.0},
  year = {2024},
  url = {https://docs.mosek.com/10.0/toolbox/index.html}
}


% Invertible
@inproceedings{Ahn2024,
  author    = {Tae-Min Ahn and Kyung-Hyune Lee and Jong-Seon Yoo and Ji-Won Yoon},
  title     = {Cheap and Fast Iterative Matrix Inverse in Encrypted Domain},
  booktitle = {Computer Security -- {ESORICS} 2023},
  editor    = {Gene Tsudik and Mauro Conti and Kim-Kwang Raymond Liang and Georgios Smaragdakis},
  series    = {Lecture Notes in Computer Science},
  volume    = {14344},
  year      = {2024},
  publisher = {Springer},
  address   = {Cham},
}

@inproceedings{Aharoni2023,
  author    = {Ehud Aharoni and Allon Adir and Moran Baruch and Nir Drucker and Gilad Ezov and Aviad Farkash and Lev Greenberg and Roni Masalha and Guy Moshkowich and Dov Murik and Hayim Shaul and Oleg Soceanu},
  title     = {{HeLayers}: A Tile Tensors Framework for Large Neural Networks on Encrypted Data},
  booktitle = {Privacy Enhancing Technology Symposium ({PETs})},
  year      = {2023},
}

@misc{IBMHeLayers,
  author  = {{IBM Research}},
  title   = {{HeLayers}: {IBM}'s Homomorphic Encryption Library},
  url     = {https://ibm.github.io/helayers/},
}
@misc{fherma:2024,
      author = {Gurgen Arakelov and Nikita Kaskov and Daria Pianykh and Yuriy Polyakov},
      title = {{FHERMA}: Building the Open-Source {FHE} Components Library for Practical Use},
      howpublished = {Cryptology {ePrint} Archive, Paper 2024/612},
      year = {2024},
      url = {https://eprint.iacr.org/2024/612}
}


% Parity
@inproceedings{Bossuat2021,
  author    = {Jean-Philippe Bossuat and Christian Mouchet and Juan Troncoso-Pastoriza and Jean-Pierre Hubaux},
  title     = {Efficient Bootstrapping for Approximate Homomorphic Encryption with Non-Sparse Keys},
  booktitle = {Advances in Cryptology -- EUROCRYPT 2021},
  series    = {Lecture Notes in Computer Science},
  pages     = {587--617},
  year      = {2021},
}

@article{Brubeck2021,
  author    = {Pablo D. Brubeck and Yuji Nakatsukasa and Lloyd N. Trefethen},
  title     = {Vandermonde with {Arnoldi}},
  journal   = {SIAM Review},
  volume    = {63},
  number    = {2},
  pages     = {405--415},
  year      = {2021},
  publisher = {SIAM},
}

% Array sorting
@article{Lee2021,
  author    = {Eunsang Lee and Joon-Woo Lee and Jong-Seon No and Young-Sik Kim},
  title     = {Minimax Approximation of Sign Function by Composite Polynomial for Homomorphic Comparison},
  journal   = {IEEE Transactions on Dependable and Secure Computing},
  volume    = {19},
  number    = {6},
  pages     = {3711--3727},
  year      = {2021},
  doi       = {10.1109/TDSC.2021.3105111}, 
  publisher = {IEEE}
}

% House Price Prediction
@misc{ChebyKAN,
  title   = {{ChebyKAN}: Kolmogorov-Arnold Networks (KAN) using Chebyshev polynomials instead of B-splines.},
  url     = {https://github.com/SynodicMonth/ChebyKAN},
}

@misc{liu2025kankolmogorovarnoldnetworks,
      title={KAN: Kolmogorov-Arnold Networks}, 
      author={Ziming Liu and Yixuan Wang and Sachin Vaidya and Fabian Ruehle and James Halverson and Marin Soljačić and Thomas Y. Hou and Max Tegmark},
      year={2025},
      eprint={2404.19756},
      archivePrefix={arXiv},
      primaryClass={cs.LG},
      url={https://arxiv.org/abs/2404.19756}, 
}

% matrix multiplication
@article{zheng,
  title={A New Framework for Fast Homomorphic Matrix Multiplication},
  author={Zheng, Xiaopeng and Li, Hongbo and Wang, Dingkang},
}

@article{rt22,
  title={On Matrix Multiplication with Homomorphic Encryption},
  author={Panagiotis Rizomiliotis and Aikaterini Triakosia},
doi          = {10.1145/3560810.3564267},
  url          = {https://dl.acm.org/doi/10.1145/3560810.3564267},
}

@article{jkls18,
  title={Secure Outsourced Matrix Computation
and Application to Neural Networks},
  author={Xiaoqian Jiang and Miran Kim and Kristin Lauter and Yongsoo Song},
  year         = {2019},
}

@article{Sign_approx_comp_poly,
  author       = {Eunsang Lee and
                  Joon{-}Woo Lee and
                  Jong{-}Seon No and
                  Young{-}Sik Kim},
  title        = {Minimax Approximation of Sign Function by Composite Polynomial for
                  Homomorphic Comparison},
  journal      = {{IEEE} Trans. Dependable Secur. Comput.},
  volume       = {19},
  number       = {6},
  pages        = {3711--3727},
  year         = {2022},
  url          = {https://doi.org/10.1109/TDSC.2021.3105111},
  doi          = {10.1109/TDSC.2021.3105111},
  timestamp    = {Sun, 22 Oct 2023 11:15:26 +0200},
  biburl       = {https://dblp.org/rec/journals/tdsc/LeeLNK22.bib},
  bibsource    = {dblp computer science bibliography, https://dblp.org}
}

@inproceedings{mult2_d2,
  author       = {Panagiotis Rizomiliotis and
                  Aikaterini Triakosia},
  editor       = {Francesco Regazzoni and
                  Marten van Dijk},
  title        = {On Matrix Multiplication with Homomorphic Encryption},
  booktitle    = {Proceedings of the 2022 on Cloud Computing Security Workshop, {CCSW}
                  2022, Los Angeles, CA, USA, 7 November 2022},
  pages        = {53--61},
  publisher    = {{ACM}},
  year         = {2022},
  url          = {https://doi.org/10.1145/3560810.3564267},
  doi          = {10.1145/3560810.3564267},
  timestamp    = {Thu, 12 Oct 2023 12:32:07 +0200},
  biburl       = {https://dblp.org/rec/conf/ccsw-ws/RizomiliotisT22.bib},
  bibsource    = {dblp computer science bibliography, https://dblp.org}
}

@article{mult2_d2_pc,
  author       = {Hai Huang and
                  Haoran Zong},
  title        = {Secure matrix multiplication based on fully homomorphic encryption},
  journal      = {J. Supercomput.},
  volume       = {79},
  number       = {5},
  pages        = {5064--5085},
  year         = {2023},
  url          = {https://doi.org/10.1007/s11227-022-04850-4},
  doi          = {10.1007/S11227-022-04850-4},
  timestamp    = {Mon, 28 Aug 2023 21:39:47 +0200},
  biburl       = {https://dblp.org/rec/journals/tjs/HuangZ23.bib},
  bibsource    = {dblp computer science bibliography, https://dblp.org}
}

@inproceedings{mult1_d2_pc,
  author       = {Jaehee Jang and
                  Younho Lee and
                  Andrey Kim and
                  Byunggook Na and
                  Donggeon Yhee and
                  Byounghan Lee and
                  Jung Hee Cheon and
                  Sungroh Yoon},
  editor       = {Yuji Suga and
                  Kouichi Sakurai and
                  Xuhua Ding and
                  Kazue Sako},
  title        = {Privacy-Preserving Deep Sequential Model with Matrix Homomorphic Encryption},
  booktitle    = {{ASIA} {CCS} '22: {ACM} Asia Conference on Computer and Communications
                  Security, Nagasaki, Japan, 30 May 2022 - 3 June 2022},
  pages        = {377--391},
  publisher    = {{ACM}},
  year         = {2022},
  url          = {https://doi.org/10.1145/3488932.3523253},
  doi          = {10.1145/3488932.3523253},
  timestamp    = {Tue, 24 May 2022 14:32:15 +0200},
  biburl       = {https://dblp.org/rec/conf/asiaccs/JangLKNYLCY22.bib},
  bibsource    = {dblp computer science bibliography, https://dblp.org}
}

@inproceedings{mult1_d3,
  author       = {Xiaoqian Jiang and
                  Miran Kim and
                  Kristin E. Lauter and
                  Yongsoo Song},
  editor       = {David Lie and
                  Mohammad Mannan and
                  Michael Backes and
                  XiaoFeng Wang},
  title        = {Secure Outsourced Matrix Computation and Application to Neural Networks},
  booktitle    = {Proceedings of the 2018 {ACM} {SIGSAC} Conference on Computer and
                  Communications Security, {CCS} 2018, Toronto, ON, Canada, October
                  15-19, 2018},
  pages        = {1209--1222},
  publisher    = {{ACM}},
  year         = {2018},
  url          = {https://doi.org/10.1145/3243734.3243837},
  doi          = {10.1145/3243734.3243837},
  timestamp    = {Tue, 10 Nov 2020 20:00:51 +0100},
  biburl       = {https://dblp.org/rec/conf/ccs/JiangKLS18.bib},
  bibsource    = {dblp computer science bibliography, https://dblp.org}
}

@inproceedings{mult3_d2_pc,
  author       = {Lin Zhu and
                  Qiang{-}Sheng Hua and
                  Yi Chen and
                  Hai Jin},
  editor       = {Gene Tsudik and
                  Mauro Conti and
                  Kaitai Liang and
                  Georgios Smaragdakis},
  title        = {Secure Outsourced Matrix Multiplication with Fully Homomorphic Encryption},
  booktitle    = {Computer Security - {ESORICS} 2023 - 28th European Symposium on Research
                  in Computer Security, The Hague, The Netherlands, September 25-29,
                  2023, Proceedings, Part {I}},
  series       = {Lecture Notes in Computer Science},
  volume       = {14344},
  pages        = {249--269},
  publisher    = {Springer},
  year         = {2023},
  url          = {https://doi.org/10.1007/978-3-031-50594-2\_13},
  doi          = {10.1007/978-3-031-50594-2\_13},
  timestamp    = {Thu, 18 Jan 2024 08:27:15 +0100},
  biburl       = {https://dblp.org/rec/conf/esorics/ZhuHCJ23.bib},
  bibsource    = {dblp computer science bibliography, https://dblp.org}
}


@article{mrlwe_attack,
  author       = {Carl Bootland and
                  Wouter Castryck and
                  Frederik Vercauteren},
  title        = {On the Security of the Multivariate Ring Learning with Errors Problem},
  journal      = {{IACR} Cryptol. ePrint Arch.},
  pages        = {966},
  year         = {2018},
  url          = {https://eprint.iacr.org/2018/966},
  timestamp    = {Mon, 11 May 2020 15:54:07 +0200},
  biburl       = {https://dblp.org/rec/journals/iacr/BootlandCV18.bib},
  bibsource    = {dblp computer science bibliography, https://dblp.org}
}

@inproceedings{mrlwe,
  author       = {Alberto Pedrouzo{-}Ulloa and
                  Juan Ram{\'{o}}n Troncoso{-}Pastoriza and
                  Fernando P{\'{e}}rez{-}Gonz{\'{a}}lez},
  title        = {Multivariate lattices for encrypted image processing},
  booktitle    = {2015 {IEEE} International Conference on Acoustics, Speech and Signal
                  Processing, {ICASSP} 2015, South Brisbane, Queensland, Australia,
                  April 19-24, 2015},
  pages        = {1707--1711},
  publisher    = {{IEEE}},
  year         = {2015},
  url          = {https://doi.org/10.1109/ICASSP.2015.7178262},
  doi          = {10.1109/ICASSP.2015.7178262},
  timestamp    = {Sun, 25 Oct 2020 23:13:29 +0100},
  biburl       = {https://dblp.org/rec/conf/icassp/Pedrouzo-UlloaT15.bib},
  bibsource    = {dblp computer science bibliography, https://dblp.org}
}


@article{mheaan,
  author       = {Jung Hee Cheon and
                  Andrey Kim and
                  Donggeon Yhee},
  title        = {Multi-dimensional Packing for {HEAAN} for Approximate Matrix Arithmetics},
  journal      = {{IACR} Cryptol. ePrint Arch.},
  pages        = {1245},
  year         = {2018},
  url          = {https://eprint.iacr.org/2018/1245},
  timestamp    = {Mon, 11 May 2020 15:54:36 +0200},
  biburl       = {https://dblp.org/rec/journals/iacr/CheonKY18.bib},
  bibsource    = {dblp computer science bibliography, https://dblp.org}
}

@misc{openfhe:2022/915,
      author = {Ahmad {Al Badawi} and Andreea Alexandru and Jack Bates and Flavio Bergamaschi and David Bruce Cousins and Saroja Erabelli and Nicholas Genise and Shai Halevi and Hamish Hunt and Andrey Kim and Yongwoo Lee and Zeyu Liu and Daniele Micciancio and Carlo Pascoe and Yuriy Polyakov and Ian Quah and Saraswathy R.V. and Kurt Rohloff and Jonathan Saylor and Dmitriy Suponitsky and Matthew Triplett and Vinod Vaikuntanathan and Vincent Zucca},
      title = {OpenFHE: Open-Source Fully Homomorphic Encryption Library},
      howpublished = {Cryptology ePrint Archive, Paper 2022/915},
      year = {2022},
      note = {\url{https://eprint.iacr.org/2022/915}},
      url = {https://eprint.iacr.org/2022/915}
}

@misc{palisade:2023/1309,
      author = {Anes Abdennebi and Erkay Savaş},
      title = {A Lattice-based Publish-Subscribe Communication Protocol using Accelerated Homomorphic Encryption Primitives},
      howpublished = {Cryptology ePrint Archive, Paper 2023/1309},
      year = {2023},
      note = {\url{https://eprint.iacr.org/2023/1309}},
      url = {https://eprint.iacr.org/2023/1309}
}

@misc{seal:2017/224,
      author = {Hao Chen and Kim Laine and Rachel Player},
      title = {Simple Encrypted Arithmetic Library - SEAL v2.1},
      howpublished = {Cryptology ePrint Archive, Paper 2017/224},
      year = {2017},
      note = {\url{https://eprint.iacr.org/2017/224}},
      url = {https://eprint.iacr.org/2017/224}
}

@misc{helib:2020/1481,
      author = {Shai Halevi and Victor Shoup},
      title = {Design and implementation of HElib: a homomorphic encryption library},
      howpublished = {Cryptology ePrint Archive, Paper 2020/1481},
      year = {2020},
      note = {\url{https://eprint.iacr.org/2020/1481}},
      url = {https://eprint.iacr.org/2020/1481}
}

@misc{lattigo:2020/304,
      author = {Christian Mouchet and Juan Troncoso-Pastoriza and Jean-Philippe Bossuat and Jean-Pierre Hubaux},
      title = {Multiparty Homomorphic Encryption from Ring-Learning-With-Errors},
      howpublished = {Cryptology ePrint Archive, Paper 2020/304},
      year = {2020},
      doi = {10.2478/popets-2021-0071},
      note = {\url{https://eprint.iacr.org/2020/304}},
      url = {https://eprint.iacr.org/2020/304}
}

@misc{heir:2023/1445,
      author = {Song Bian and Zian Zhao and Zhou Zhang and Ran Mao and Kohei Suenaga and Yier Jin and Zhenyu Guan and Jianwei Liu},
      title = {HEIR: A Unified Representation for Cross-Scheme Compilation of Fully Homomorphic Computation},
      howpublished = {Cryptology ePrint Archive, Paper 2023/1445},
      year = {2023},
      doi = {10.14722/ndss.2024.23067},
      note = {\url{https://eprint.iacr.org/2023/1445}},
      url = {https://eprint.iacr.org/2023/1445}
}

@misc{lattner2020mlir,
      title={MLIR: A Compiler Infrastructure for the End of Moore's Law}, 
      author={Chris Lattner and Mehdi Amini and Uday Bondhugula and Albert Cohen and Andy Davis and Jacques Pienaar and River Riddle and Tatiana Shpeisman and Nicolas Vasilache and Oleksandr Zinenko},
      year={2020},
      eprint={2002.11054},
      archivePrefix={arXiv},
      primaryClass={cs.PL}
}

@article{idash18,
author = {Kuo, Tsung-Ting and Jiang, Xiaoqian and Tang, Haixu and Wang, Xiaofeng and Bath, Tyler and Bu, Diyue and Wang, Lei and Harmanci, Arif and Zhang, Shaojie and Zhi, Degui and Sofia, Heidi and Ohno-Machado, Lucila},
year = {2020},
month = {07},
pages = {},
title = {iDASH secure genome analysis competition 2018: blockchain genomic data access logging, homomorphic encryption on GWAS, and DNA segment searching},
volume = {13},
journal = {BMC Medical Genomics},
doi = {10.1186/s12920-020-0715-0}
}

@misc{bgv:2011/277,
      author = {Zvika Brakerski and Craig Gentry and Vinod Vaikuntanathan},
      title = {Fully Homomorphic Encryption without Bootstrapping},
      howpublished = {Cryptology ePrint Archive, Paper 2011/277},
      year = {2011},
      note = {\url{https://eprint.iacr.org/2011/277}},
      url = {https://eprint.iacr.org/2011/277}
}

@misc{bfv:2012/144,
      author = {Junfeng Fan and Frederik Vercauteren},
      title = {Somewhat Practical Fully Homomorphic Encryption},
      howpublished = {Cryptology ePrint Archive, Paper 2012/144},
      year = {2012},
      note = {\url{https://eprint.iacr.org/2012/144}},
      url = {https://eprint.iacr.org/2012/144}
}

@misc{dm:2014/816,
      author = {Léo Ducas and Daniele Micciancio},
      title = {FHEW: Bootstrapping Homomorphic Encryption in less than a second},
      howpublished = {Cryptology ePrint Archive, Paper 2014/816},
      year = {2014},
      note = {\url{https://eprint.iacr.org/2014/816}},
      url = {https://eprint.iacr.org/2014/816}
}

@misc{cggi:2016/870,
      author = {Ilaria Chillotti and Nicolas Gama and Mariya Georgieva and Malika Izabachène},
      title = {Faster Fully Homomorphic Encryption: Bootstrapping in less than 0.1 Seconds},
      howpublished = {Cryptology ePrint Archive, Paper 2016/870},
      year = {2016},
      note = {\url{https://eprint.iacr.org/2016/870}},
      url = {https://eprint.iacr.org/2016/870}
}

@misc{ckks:2016/421,
      author = {Jung Hee Cheon and Andrey Kim and Miran Kim and Yongsoo Song},
      title = {Homomorphic Encryption for Arithmetic of Approximate Numbers},
      howpublished = {Cryptology ePrint Archive, Paper 2016/421},
      year = {2016},
      note = {\url{https://eprint.iacr.org/2016/421}},
      url = {https://eprint.iacr.org/2016/421}
}

@misc{hemat:2018/1041,
      author = {Xiaoqian Jiang and Miran Kim and Kristin Lauter and Yongsoo Song},
      title = {Secure Outsourced Matrix Computation and Application to Neural Networks},
      howpublished = {Cryptology ePrint Archive, Paper 2018/1041},
      year = {2018},
      doi = {10.1145/3243734.3243837},
      note = {\url{https://eprint.iacr.org/2018/1041}},
      url = {https://eprint.iacr.org/2018/1041}
}

@misc{cuhe:2015/818,
      author = {Wei Dai and Berk Sunar},
      title = {cuHE: A Homomorphic Encryption Accelerator Library},
      howpublished = {Cryptology ePrint Archive, Paper 2015/818},
      year = {2015},
      note = {\url{https://eprint.iacr.org/2015/818}},
      url = {https://eprint.iacr.org/2015/818}
}

@misc{dhs:2014/233,
      author = {Yarkın Doröz and Aria Shahverdi and Thomas Eisenbarth and Berk Sunar},
      title = {Toward Practical Homomorphic Evaluation of Block Ciphers Using Prince},
      howpublished = {Cryptology ePrint Archive, Paper 2014/233},
      year = {2014},
      note = {\url{https://eprint.iacr.org/2014/233}},
      url = {https://eprint.iacr.org/2014/233}
}

@misc{blyss:2024/270,
      author = {Samir Jordan Menon and David J. Wu},
      title = {YPIR: High-Throughput Single-Server PIR with Silent Preprocessing},
      howpublished = {Cryptology ePrint Archive, Paper 2024/270},
      year = {2024},
      note = {\url{https://eprint.iacr.org/2024/270}},
      url = {https://eprint.iacr.org/2024/270}
}

@misc{blyss:2022/368,
      author = {Samir Jordan Menon and David J.  Wu},
      title = {Spiral: Fast, High-Rate Single-Server PIR via FHE Composition},
      howpublished = {Cryptology ePrint Archive, Paper 2022/368},
      year = {2022},
      note = {\url{https://eprint.iacr.org/2022/368}},
      url = {https://eprint.iacr.org/2022/368}
}

@misc{sparkfhe,
      author = {Peizhao Hu and Asma Aloufi and Adam Caulfield and Kim Laine and Kristin Lauter},
      title = {SparkFHE: Distributed Dataflow Framework with
Fully Homomorphic Encryption},
      howpublished = {Unknown},
      year = {2020},
      note = {\url{https://ppml-workshop.github.io/ppml20/pdfs/Hu_et_al.pdf}},
      url = {https://ppml-workshop.github.io/ppml20/pdfs/Hu_et_al.pdf}
}

@misc{benaissa2021tenseal,
      title={TenSEAL: A Library for Encrypted Tensor Operations Using Homomorphic Encryption}, 
      author={Ayoub Benaissa and Bilal Retiat and Bogdan Cebere and Alaa Eddine Belfedhal},
      year={2021},
      eprint={2104.03152},
      archivePrefix={arXiv},
      primaryClass={cs.CR}
}

@misc{cryptdb:2015/979,
      author = {Raluca Ada Popa and Nickolai Zeldovich and Hari Balakrishnan},
      title = {Guidelines for Using the CryptDB System Securely},
      howpublished = {Cryptology ePrint Archive, Paper 2015/979},
      year = {2015},
      note = {\url{https://eprint.iacr.org/2015/979}},
      url = {https://eprint.iacr.org/2015/979}
}

@misc{securenn:2018/442,
      author = {Sameer Wagh and Divya Gupta and Nishanth Chandran},
      title = {SecureNN: Efficient and Private Neural Network Training},
      howpublished = {Cryptology ePrint Archive, Paper 2018/442},
      year = {2018},
      note = {\url{https://eprint.iacr.org/2018/442}},
      url = {https://eprint.iacr.org/2018/442}
}

@misc{hestandard:2019/939,
      author = {Martin Albrecht and Melissa Chase and Hao Chen and Jintai Ding and Shafi Goldwasser and Sergey Gorbunov and Shai Halevi and Jeffrey Hoffstein and Kim Laine and Kristin Lauter and Satya Lokam and Daniele Micciancio and Dustin Moody and Travis Morrison and Amit Sahai and Vinod Vaikuntanathan},
      title = {Homomorphic Encryption Standard},
      howpublished = {Cryptology ePrint Archive, Paper 2019/939},
      year = {2019},
      note = {\url{https://eprint.iacr.org/2019/939}},
      url = {https://eprint.iacr.org/2019/939}
}

@misc{idash18result:2020/563,
      author = {Marcelo Blatt and Alexander Gusev and Yuriy Polyakov and Shafi Goldwasser},
      title = {Secure large-scale genome-wide association studies using homomorphic encryption},
      howpublished = {Cryptology ePrint Archive, Paper 2020/563},
      year = {2020},
      doi = {10.1073/pnas.1918257117},
      note = {\url{https://eprint.iacr.org/2020/563}},
      url = {https://eprint.iacr.org/2020/563}
}

@misc{eva,
      author = {Dathathri, Roshan and Kostova, Blagovesta and Saarikivi, Olli and Dai, Wei and Laine, Kim and Musuvathi, Madanlal},
      year = {2019},
      month = {12},
      pages = {},
      title = {EVA: An Encrypted Vector Arithmetic Language and Compiler for Efficient Homomorphic Computation}
}

@misc{ramparts:2019/988,
      author = {David W.  Archer and Jose Manuel Calderon Trilla and Jason Dagit and Alex J.  Malozemoff and Yuriy Polyakov and Kurt Rohloff and Gerard Ryan},
      title = {RAMPARTS: A Programmer-Friendly System for Building Homomorphic Encryption Applications},
      howpublished = {Cryptology ePrint Archive, Paper 2019/988},
      year = {2019},
      note = {\url{https://eprint.iacr.org/2019/988}},
      url = {https://eprint.iacr.org/2019/988}
}

@misc{armadillo:2014/988,
      author = {Sergiu Carpov and Paul Dubrulle and Renaud Sirdey},
      title = {Armadillo: a compilation chain for privacy preserving applications},
      howpublished = {Cryptology ePrint Archive, Paper 2014/988},
      year = {2014},
      note = {\url{https://eprint.iacr.org/2014/988}},
      url = {https://eprint.iacr.org/2014/988}
}

@article{Crockett2018ALCHEMYAL,
  title={ALCHEMY: A Language and Compiler for Homomorphic Encryption Made easY},
  author={Eric Crockett and Chris Peikert and Chad Sharp},
  journal={Proceedings of the 2018 ACM SIGSAC Conference on Computer and Communications Security},
  year={2018},
  url={https://api.semanticscholar.org/CorpusID:53109074}
}

@inproceedings{ViandS18,
  title = {Marble: Making Fully Homomorphic Encryption Accessible to All},
  author = {Alexander Viand and Hossein Shafagh},
  year = {2018},
  doi = {10.1145/3267973.3267978},
  url = {https://doi.org/10.1145/3267973.3267978},
  researchr = {https://researchr.org/publication/ViandS18},
  cites = {0},
  citedby = {0},
  pages = {49-60},
  booktitle = {Proceedings of the 6th Workshop on Encrypted Computing & Applied Homomorphic Cryptography, WAHC@CCS 2018, Toronto, ON, Canada, October 19, 2018},
  editor = {Michael Brenner 0003 and Kurt Rohloff},
  publisher = {ACM},
  isbn = {978-1-4503-5987-0},
}

@misc{lol:2015/1134,
      author = {Eric Crockett and Chris Peikert},
      title = {$\Lambda \circ \lambda$: Functional Lattice Cryptography},
      howpublished = {Cryptology ePrint Archive, Paper 2015/1134},
      year = {2015},
      doi = {10.1145/2976749.2978402},
      note = {\url{https://eprint.iacr.org/2015/1134}},
      url = {https://eprint.iacr.org/2015/1134}
}

@misc{gtranspiler:2021/811,
      author = {Shruthi Gorantala and Rob Springer and Sean Purser-Haskell and William Lam and Royce Wilson and Asra Ali and Eric P.  Astor and Itai Zukerman and Sam Ruth and Christoph Dibak and Phillipp Schoppmann and Sasha Kulankhina and Alain Forget and David Marn and Cameron Tew and Rafael Misoczki and Bernat Guillen and Xinyu Ye and Dennis Kraft and Damien Desfontaines and Aishe Krishnamurthy and Miguel Guevara and Irippuge Milinda Perera and Yurii Sushko and Bryant Gipson},
      title = {A General Purpose Transpiler for Fully Homomorphic Encryption},
      howpublished = {Cryptology ePrint Archive, Paper 2021/811},
      year = {2021},
      note = {\url{https://eprint.iacr.org/2021/811}},
      url = {https://eprint.iacr.org/2021/811}
}

@misc{bra12:2012/078,
      author = {Zvika Brakerski},
      title = {Fully Homomorphic Encryption without Modulus Switching from Classical GapSVP},
      howpublished = {Cryptology ePrint Archive, Paper 2012/078},
      year = {2012},
      note = {\url{https://eprint.iacr.org/2012/078}},
      url = {https://eprint.iacr.org/2012/078}
}

@misc{concreteml:2023/258,
      author = {Jordan Frery and Andrei Stoian and Roman Bredehoft and Luis Montero and Celia Kherfallah and Benoit Chevallier-Mames and Arthur Meyre},
      title = {Privacy-Preserving Tree-Based Inference with Fully Homomorphic Encryption},
      howpublished = {Cryptology ePrint Archive, Paper 2023/258},
      year = {2023},
      note = {\url{https://eprint.iacr.org/2023/258}},
      url = {https://eprint.iacr.org/2023/258}
}

@article{helayers,
    author = {Aharoni, Ehud and Adir, Allon and Baruch, Moran and Drucker, Nir and Ezov, Gilad and Farkash, Ariel and Greenberg, Lev and Masalha, Ramy and Moshkowich, Guy and Murik, Dov and Shaul, Hayim and Soceanu, Omri},
    journal = {{Privacy Enhancing Technology Symposium (PETs) 2023}},
    title = {{HeLayers: A Tile Tensors Framework for Large Neural Networks on Encrypted Data}},
    url = {https://petsymposium.org/popets/2023/popets-2023-0020.php},
    year = {2023},
    }

@misc{cryptoeprint:2022/1602,
      author = {Chiara Marcolla and Victor Sucasas and Marc Manzano and Riccardo Bassoli and Frank H.P. Fitzek and Najwa Aaraj},
      title = {Survey on Fully Homomorphic Encryption, Theory, and Applications},
      howpublished = {Cryptology ePrint Archive, Paper 2022/1602},
      year = {2022},
      doi = {10.1109/JPROC.2022.3205665},
      note = {\url{https://eprint.iacr.org/2022/1602}},
      url = {https://eprint.iacr.org/2022/1602}
}

@Misc{TFHE-rs,
  title={{TFHE-rs: A Pure Rust Implementation of the TFHE Scheme for Boolean and Integer Arithmetics Over Encrypted Data}},
  author={Zama},
  year={2022},
  note={\url{https://github.com/zama-ai/tfhe-rs}},
}

@Misc{he-awesome,
  author={Jonathan Schneider},
  title={{Awesome} - A curated list of amazing Homomorphic Encryption libraries, software and resources},
  note={\url{https://github.com/jonaschn/awesome-he}},
}

@Misc{POLYCIRCUIT,
  author={{Fair Math}},
  title={{Polycircuit} - FHE Components Library},
  note={\url{https://github.com/fairmath/polycircuit}},
}

@misc{cryptoeprint:2023/149,
      author = {Ahmad Al Badawi and Yuriy Polyakov},
      title = {Demystifying Bootstrapping in Fully Homomorphic Encryption},
      howpublished = {Cryptology ePrint Archive, Paper 2023/149},
      year = {2023},
      note = {\url{https://eprint.iacr.org/2023/149}},
      url = {https://eprint.iacr.org/2023/149}
}

@Misc{google-heir,
  title={{Google HEIR Project}},
  note={\url{https://github.com/google/heir/commit/b85bd76a0205fade51d1517aa6657c4e798f9658}},
}

@Misc{google-transpiler,
  title={{Google Transpiler}},
  note={\url{https://github.com/google/fully-homomorphic-encryption/blob/main/transpiler/README.md}},
}

@Misc{eva1,
  title={{EVA}},
  note={\url{https://github.com/microsoft/EVA}},
}

@Misc{flint,
  title={{FLINT}},
  note={\url{https://flintlib.org/}},
}

@Misc{ntl,
  title={{NTL}},
  note={\url{https://libntl.org/}},
}

@Misc{gmp,
  title={{GMP}},
  note={\url{https://gmplib.org/}},
}